<record><leader>00000cas a2200000 a 4500</leader><controlfield tag="001">27040344</controlfield><controlfield tag="008">921130c19929999kyuwr ne      0   a0eng d</controlfield><controlfield tag="009">5569</controlfield><datafield ind1=" " ind2=" " tag="010"><subfield code="a">sn 92056612 </subfield></datafield><datafield ind1=" " ind2=" " tag="040"><subfield code="a">KNP</subfield><subfield code="b">eng</subfield><subfield code="c">KNP</subfield><subfield code="d">OCL</subfield><subfield code="d">OCLCQ</subfield><subfield code="d">KYUBL</subfield><subfield code="d">OCLCQ</subfield><subfield code="d">OCLCO</subfield><subfield code="d">OCLCF</subfield></datafield><datafield ind1=" " ind2=" " tag="042"><subfield code="a">msc</subfield></datafield><datafield ind1=" " ind2=" " tag="043"><subfield code="a">n-us-ky</subfield></datafield><datafield ind1="0" ind2="4" tag="245"><subfield code="a">The Greenup County news-times.</subfield></datafield><datafield ind1="1" ind2="7" tag="246"><subfield code="a">Greenup County news</subfield></datafield><datafield ind1=" " ind2=" " tag="260"><subfield code="a">Morehead, Ky. :</subfield><subfield code="b">Park Newspapers of Morehead,</subfield><subfield code="c">1992-</subfield></datafield><datafield ind1=" " ind2=" " tag="300"><subfield code="a">v. :</subfield><subfield code="b">ill.</subfield></datafield><datafield ind1=" " ind2=" " tag="310"><subfield code="a">Weekly</subfield></datafield><datafield ind1="0" ind2=" " tag="362"><subfield code="a">Vol. 135, no. 26 (Sept. 3, 1992)-</subfield></datafield><datafield ind1=" " ind2=" " tag="515"><subfield code="a">Continues vol. numbering of: Greenup County news.</subfield></datafield><datafield ind1=" " ind2=" " tag="580"><subfield code="a">Formed by the union of: Greenup County news, and: Times (Flatwood, Ky.).</subfield></datafield><datafield ind1=" " ind2="0" tag="651"><subfield code="a">Greenup County (Ky.)</subfield><subfield code="v">Newspapers.</subfield></datafield><datafield ind1=" " ind2="0" tag="651"><subfield code="a">Greenup (Ky.)</subfield><subfield code="v">Newspapers.</subfield></datafield><datafield ind1=" " ind2="7" tag="655"><subfield code="a">Newspapers.</subfield><subfield code="2">fast</subfield><subfield code="0">(OCoLC)fst01423814</subfield></datafield><datafield ind1=" " ind2="7" tag="651"><subfield code="a">Kentucky</subfield><subfield code="z">Greenup.</subfield><subfield code="2">fast</subfield><subfield code="0">(OCoLC)fst01233316</subfield></datafield><datafield ind1=" " ind2="7" tag="651"><subfield code="a">Kentucky</subfield><subfield code="z">Greenup County.</subfield><subfield code="2">fast</subfield><subfield code="0">(OCoLC)fst01209373</subfield></datafield><datafield ind1=" " ind2=" " tag="752"><subfield code="a">United States</subfield><subfield code="b">Kentucky</subfield><subfield code="c">Greenup</subfield><subfield code="d">Greenup.</subfield></datafield><datafield ind1="1" ind2="4" tag="780"><subfield code="a">Greenup County news</subfield><subfield code="w">(DLC)sn 90099404</subfield><subfield code="w">(OCoLC)22161566</subfield></datafield><datafield ind1="1" ind2="4" tag="780"><subfield code="a">Times (Flatwood, Ky.)</subfield></datafield></record>